<record><leader>00000cas a22000007a 4500</leader><controlfield tag="001">41883469</controlfield><controlfield tag="008">990715d19781985tnuwr ne      0    0eng d</controlfield><datafield ind1=" " ind2=" " tag="010"><subfield code="a">sn 99065859 </subfield></datafield><datafield ind1=" " ind2=" " tag="040"><subfield code="a">TGN</subfield><subfield code="b">eng</subfield><subfield code="c">TGN</subfield><subfield code="d">OCLCF</subfield><subfield code="d">OCLCO</subfield></datafield><datafield ind1=" " ind2=" " tag="042"><subfield code="a">msc</subfield></datafield><datafield ind1="0" ind2=" " tag="130"><subfield code="a">Sunday post (Kingsport, Tenn.)</subfield></datafield><datafield ind1="0" ind2="0" tag="245"><subfield code="a">Sunday post.</subfield></datafield><datafield ind1="1" ind2=" " tag="246"><subfield code="i">Issues for July 19-Sept. 6, 1981 have title:</subfield><subfield code="a">Sunday post weekly world</subfield></datafield><datafield ind1="1" ind2=" " tag="246"><subfield code="i">Issues for May 28-Aug. 1, 1982 have title:</subfield><subfield code="a">Sunday post news</subfield></datafield><datafield ind1="1" ind2=" " tag="246"><subfield code="i">Issues for Mar. 17-&lt;Aug.&gt; 25, 1985 have title:</subfield><subfield code="a">Tri-City's Sunday post</subfield></datafield><datafield ind1=" " ind2=" " tag="260"><subfield code="a">Kingsport, Tenn. :</subfield><subfield code="b">Post Inc., 1978-</subfield></datafield><datafield ind1=" " ind2=" " tag="300"><subfield code="a">v.</subfield></datafield><datafield ind1=" " ind2=" " tag="310"><subfield code="a">Weekly</subfield></datafield><datafield ind1="0" ind2=" " tag="362"><subfield code="a">Vol. 16, no. 40 (Oct. 8, 1978)-</subfield></datafield><datafield ind1="1" ind2=" " tag="362"><subfield code="a">Ceased in 1985.</subfield></datafield><datafield ind1=" " ind2=" " tag="515"><subfield code="a">Published as part of the Mon. edition of: Daily news (Kingsport, Tenn. : 1976) Dec. &lt;14&gt;, 1981-Feb. &lt;8&gt;, 1982.</subfield></datafield><datafield ind1=" " ind2="0" tag="651"><subfield code="a">Kingsport (Tenn.)</subfield><subfield code="v">Newspapers.</subfield></datafield><datafield ind1=" " ind2="0" tag="651"><subfield code="a">Sullivan County (Tenn.)</subfield><subfield code="v">Newspapers.</subfield></datafield><datafield ind1=" " ind2="7" tag="655"><subfield code="a">Newspapers.</subfield><subfield code="2">fast</subfield><subfield code="0">(OCoLC)fst01423814</subfield></datafield><datafield ind1=" " ind2="7" tag="651"><subfield code="a">Tennessee</subfield><subfield code="z">Kingsport.</subfield><subfield code="2">fast</subfield><subfield code="0">(OCoLC)fst01215433</subfield></datafield><datafield ind1=" " ind2="7" tag="651"><subfield code="a">Tennessee</subfield><subfield code="z">Sullivan County.</subfield><subfield code="2">fast</subfield><subfield code="0">(OCoLC)fst01207171</subfield></datafield><datafield ind1=" " ind2=" " tag="752"><subfield code="a">United States</subfield><subfield code="b">Tennessee</subfield><subfield code="c">Sullivan</subfield><subfield code="d">Kingsport.</subfield></datafield><datafield ind1="0" ind2=" " tag="775"><subfield code="t">Daily news (Kingsport, Tenn. : 1976)</subfield><subfield code="g">1978-1985</subfield><subfield code="w">(DLC)sn 99065862</subfield></datafield><datafield ind1="0" ind2="0" tag="780"><subfield code="t">Post news (Kingsport, Tenn.)</subfield><subfield code="w">(DLC)sn 99065858</subfield></datafield><datafield ind1="0" ind2="4" tag="785"><subfield code="t">Daily news (Kingsport, Tenn. : 1976)</subfield><subfield code="g">Oct. 1985</subfield><subfield code="w">(DLC)sn 99065862</subfield></datafield></record>